<?xml version="1.0" encoding="UTF-8"?><collection xmlns="http://www.loc.gov/MARC21/slim"><record><leader>00467nam--2200133-i-4500</leader><controlfield tag="001">000046828</controlfield><controlfield tag="002">20161230</controlfield><controlfield tag="005">20161230201046</controlfield><controlfield tag="008">060222s1000------------r-----000-0-eng-d</controlfield><datafield ind1=" " ind2=" " tag="100"><subfield code="a">Walstam, Rune</subfield></datafield><datafield ind1=" " ind2=" " tag="245"><subfield code="a">Studies on therapeutic short-distance and intracavitary gamma beam techniques. physical considerations with special reference to radiation protection</subfield></datafield><datafield ind1=" " ind2=" " tag="260"><subfield code="a">Stockholm, Solna Tryckeri, 1965, 129p</subfield></datafield><datafield ind1=" " ind2=" " tag="490"><subfield code="a">Acta Radiologica Supplementum</subfield></datafield><datafield ind1=" " ind2=" " tag="852"><subfield code="a">22019</subfield></datafield></record></collection>